<marc:record xmlns:marc="http://www.loc.gov/MARC21/slim"><marc:leader>00679nam a22001330a 45 0</marc:leader><marc:controlfield tag="001">306962</marc:controlfield><marc:controlfield tag="003">NL-AMISG</marc:controlfield><marc:controlfield tag="005">19950210234845.0</marc:controlfield><marc:controlfield tag="008">199502suuuuuuuu||||||||||||||||||||||| d</marc:controlfield><marc:datafield ind1=" " ind2=" " tag="035"><marc:subfield code="a">(IISG)IISGb10058623</marc:subfield></marc:datafield><marc:datafield ind1=" " ind2=" " tag="040"><marc:subfield code="a">NL-AmISG</marc:subfield></marc:datafield><marc:datafield ind1="1" ind2=" " tag="100"><marc:subfield code="a">Boucher [Saint-] Sauveur [Antoine Sauveur Boucher].</marc:subfield></marc:datafield><marc:datafield ind1="1" ind2="0" tag="245"><marc:subfield code="a">Boucher Sauveur, injurié par Bourdon de l'Oise, à ses concitoyens.</marc:subfield></marc:datafield><marc:datafield ind1=" " ind2=" " tag="260"><marc:subfield code="a">[Paris],</marc:subfield><marc:subfield code="c">s.a.</marc:subfield></marc:datafield><marc:datafield ind1=" " ind2=" " tag="690"><marc:subfield code="a">F 1012</marc:subfield><marc:subfield code="b">France; social history; after 1789; revolutions, insurrections; French Revolution; Réaction thermidorienne, Directoire, 18 Brumaire (9 November 1799)</marc:subfield><marc:subfield code="c">Frankrijk; sociale geschiedenis; na 1789; revoluties en opstanden; De Franse Revolutie; verhandelingen; Réaction thermidorienne, Directoire tot 18 Brumaire (9 november 1799).</marc:subfield></marc:datafield><marc:datafield ind1=" " ind2=" " tag="852"><marc:subfield code="a">IISG</marc:subfield><marc:subfield code="b">IISG</marc:subfield><marc:subfield code="c">IISG</marc:subfield><marc:subfield code="j">F 1012/40</marc:subfield><marc:subfield code="p">N10057994</marc:subfield></marc:datafield><marc:datafield ind1=" " ind2=" " tag="901"><marc:subfield code="a">306962</marc:subfield><marc:subfield code="b">Unknown</marc:subfield><marc:subfield code="c">306962</marc:subfield><marc:subfield code="t">biblio</marc:subfield></marc:datafield><marc:datafield ind1=" " ind2=" " tag="902"><marc:subfield code="a">10622/F982D4FF-BA0C-4046-B706-42FC963523CE</marc:subfield></marc:datafield></marc:record>